<?xml version="1.0" encoding="UTF-8"?><collection xmlns="http://www.loc.gov/MARC21/slim"><record><leader>00476nam--2200145-i-4500</leader><controlfield tag="001">000040286</controlfield><controlfield tag="002">20161230</controlfield><controlfield tag="005">20161230201042</controlfield><controlfield tag="008">060222s1000------------r-----000-0-eng-d</controlfield><datafield ind1="1" ind2=" " tag="100"><subfield code="a">Sansone, Giovani</subfield></datafield><datafield ind1="1" ind2="0" tag="245"><subfield code="a">EQUAZIONI DIFFERENZIALI NEL CAMPO REALE. Parte secona</subfield></datafield><datafield ind1=" " ind2=" " tag="260"><subfield code="a">Bologna, Nicola Zanichelli Editore, 1949. Xvi + 475 P</subfield></datafield><datafield ind1=" " ind2=" " tag="490"><subfield code="a">Consiglio Nazionale Delle Ricerche. Monografie Di Matematica Applicata</subfield></datafield><datafield ind1=" " ind2=" " tag="852"><subfield code="a">15214</subfield><subfield code="c">517.9</subfield></datafield><datafield ind1=" " ind2=" " tag="CAT"><subfield code="a">Sys</subfield><subfield code="c">20080930</subfield><subfield code="h">115207</subfield></datafield></record></collection>